<?xml version="1.0" encoding="UTF-8"?><collection xmlns="http://www.loc.gov/MARC21/slim"><record><leader>00719nam--2200193-i-4500</leader><controlfield tag="001">000005228</controlfield><controlfield tag="002">20161230</controlfield><controlfield tag="005">20161230201026</controlfield><controlfield tag="008">060222s1000------------r-----000-0-fre-d</controlfield><datafield ind1=" " ind2=" " tag="040"><subfield code="a">IFIN-HH</subfield></datafield><datafield ind1=" " ind2=" " tag="041"><subfield code="a">fre</subfield></datafield><datafield ind1=" " ind2=" " tag="080"><subfield code="a">539.14:541.15</subfield></datafield><datafield ind1="1" ind2=" " tag="100"><subfield code="a">Duquesne, M</subfield></datafield><datafield ind1="1" ind2="0" tag="245"><subfield code="a">Travaux pratiques de physique nucleaire et de radiochimie</subfield><subfield code="b">Detection des rayonnements et methodes d'etudes de la structure nucleaire. avec un appendice sur la protection contre les radiations ionisantes par le dr. r. devoret. preface de jean teillac</subfield><subfield code="c">M. duquesne, r. gregoire, m. lefort</subfield></datafield><datafield ind1=" " ind2=" " tag="260"><subfield code="a">Paris</subfield><subfield code="b">Masson Et C-ie Editeurs</subfield><subfield code="c">1960</subfield></datafield><datafield ind1=" " ind2=" " tag="300"><subfield code="a">324P</subfield></datafield><datafield ind1="1" ind2=" " tag="700"><subfield code="a">Lefort, M</subfield></datafield><datafield ind1=" " ind2=" " tag="852"><subfield code="a">11489</subfield><subfield code="c">539</subfield></datafield><datafield ind1=" " ind2=" " tag="CAT"><subfield code="a">Sys</subfield><subfield code="c">20110923</subfield><subfield code="h">102329</subfield></datafield></record></collection>